<?xml version="1.0"?>
<collection xmlns="http://www.loc.gov/MARC21/slim">
  <record>
    <leader>01950nam a2200409 a 4500</leader>
    <controlfield tag="001">cihm_28698</controlfield>
    <controlfield tag="003">CaSfIA</controlfield>
    <controlfield tag="005">20151008010651.0</controlfield>
    <controlfield tag="007">cr||||||||||||</controlfield>
    <controlfield tag="008">831201s1898    enka    bb    000 0 eng d</controlfield>
    <datafield tag="020" ind1=" " ind2=" ">
      <subfield code="a">0665286988</subfield>
    </datafield>
    <datafield tag="035" ind1=" " ind2=" ">
      <subfield code="a">ocn317910197</subfield>
    </datafield>
    <datafield tag="040" ind1=" " ind2=" ">
      <subfield code="a">CaOOCIHM</subfield>
      <subfield code="b">eng</subfield>
      <subfield code="d">AEU</subfield>
      <subfield code="d">CaSfIA</subfield>
    </datafield>
    <datafield tag="082" ind1="0" ind2=" ">
      <subfield code="a">629.2501</subfield>
      <subfield code="2">19</subfield>
    </datafield>
    <datafield tag="090" ind1=" " ind2=" ">
      <subfield code="a">FC 02 0203 no. 28698</subfield>
      <subfield code="b">AEU</subfield>
    </datafield>
    <datafield tag="100" ind1="1" ind2=" ">
      <subfield code="a">Callendar, Hugh L.</subfield>
      <subfield code="q">(Hugh Longbourne),</subfield>
      <subfield code="d">1863-1930</subfield>
    </datafield>
    <datafield tag="245" ind1="1" ind2="0">
      <subfield code="a">On the law of condensation of steam</subfield>
      <subfield code="h">[electronic resource] </subfield>
      <subfield code="b">deduced from measurements of temperature-cycles of the walls and steam in the cylinder of a steam-engine /</subfield>
      <subfield code="c">by Hugh Longbourne Callender and John Thomas Nicolson ; with an abstract of the discussion upon the paper edited by J. H.T. Tudsbery.</subfield>
    </datafield>
    <datafield tag="260" ind1=" " ind2=" ">
      <subfield code="a">London :</subfield>
      <subfield code="b">Institution of Civil Engineers,</subfield>
      <subfield code="c">1898.</subfield>
    </datafield>
    <datafield tag="300" ind1=" " ind2=" ">
      <subfield code="a">2 microfiches (71 fr.) :</subfield>
      <subfield code="b">ill.</subfield>
    </datafield>
    <datafield tag="490" ind1="1" ind2=" ">
      <subfield code="a">CIHM/ICMH Microfiche series = CIHM/ICMH collection de microfiches ;</subfield>
      <subfield code="v">no. 28698</subfield>
    </datafield>
    <datafield tag="500" ind1=" " ind2=" ">
      <subfield code="a">"By permission of the Council."</subfield>
    </datafield>
    <datafield tag="500" ind1=" " ind2=" ">
      <subfield code="a">"Excerpt Minutes of Proceedings of the Institution of Civil Engineers, Vol. cxxxi, Session 1897-98, Part i."</subfield>
    </datafield>
    <datafield tag="500" ind1=" " ind2=" ">
      <subfield code="a">Tables.</subfield>
    </datafield>
    <datafield tag="504" ind1=" " ind2=" ">
      <subfield code="a">Includes bibliographical references.</subfield>
    </datafield>
    <datafield tag="533" ind1=" " ind2=" ">
      <subfield code="a">Filmed from a copy of the original publication held by the Library of Congress, Photoduplication Service.</subfield>
      <subfield code="b">Ottawa :</subfield>
      <subfield code="c">Canadian Institute for Historical Microreproductions,</subfield>
      <subfield code="d">1981.</subfield>
    </datafield>
    <datafield tag="534" ind1=" " ind2=" ">
      <subfield code="e">129 p. : ill., fold. plates ; 22 cm.</subfield>
    </datafield>
    <datafield tag="596" ind1=" " ind2=" ">
      <subfield code="a">43</subfield>
    </datafield>
    <datafield tag="650" ind1=" " ind2="0">
      <subfield code="a">Steam-engines</subfield>
      <subfield code="x">Cylinders.</subfield>
    </datafield>
    <datafield tag="650" ind1=" " ind2="0">
      <subfield code="a">Steam engineering.</subfield>
    </datafield>
    <datafield tag="650" ind1=" " ind2="6">
      <subfield code="a">Machines &#xC3;&#xA0; vapeur</subfield>
      <subfield code="x">Cylindre</subfield>
    </datafield>
    <!-- No separator at end of field length=35 -->
    <datafield tag="650" ind1="." ind2="">
      <subfield code="6"/>
      <subfield code="a">Vapeur, Technique de l</subfield>
    </datafield>
    <!-- No separator at end of field length=29 -->
    <datafield tag="700" ind1="." ind2="">
      <subfield code=" "/>
      <subfield code="a">Nicolson, John T.</subfield>
      <subfield code="q">(John Thomas</subfield>
    </datafield>
    <!-- No separator at end of field length=38 -->
    <datafield tag="700" ind1="." ind2="">
      <subfield code=" "/>
      <subfield code="a">Tudsbery, J. H. T.</subfield>
      <subfield code="q">(John Henry Tudsbery),</subfield>
      <subfield code="d">1859-193</subfield>
    </datafield>
    <!-- No separator at end of field length=59 -->
    <datafield tag="710" ind1="." ind2="">
      <subfield code=" "/>
      <subfield code="a">Institution of Civil Engineers (Great Britain</subfield>
    </datafield>
    <!-- No separator at end of field length=52 -->
    <datafield tag="830" ind1="." ind2="">
      <subfield code="0"/>
      <subfield code="a">CIHM/ICMH microfiche series ;</subfield>
      <subfield code="v">no. 286</subfield>
    </datafield>
    <!-- No separator at end of field length=45 -->
    <datafield tag="856" ind1="4" ind2="1">
      <subfield code="u">http://archive.org/details/cihm_28698</subfield>
      <subfield code="z">Free eBook from the Internet Archive</subfield>
    </datafield>
    <datafield tag="856" ind1="4" ind2="2">
      <subfield code="u">http://www.openlibrary.org/books/OL24227596M</subfield>
      <subfield code="z">Additional information and access via Open Library</subfield>
    </datafield>
    <!-- No separator at end of field length=22 -->
    <datafield tag="016" ind1="E" ind2="">
      <subfield code=" "/>
      <subfield code="a"> 8361866</subfield>
    </datafield>
    <!-- No separator at end of field length=15 -->
    <!-- No separator at end of field length=58 -->
  </record>
</collection>
